<?xml version="1.0" encoding="UTF-8"?><collection xmlns="http://www.loc.gov/MARC21/slim"><record><leader>00452nam--2200133-i-4500</leader><controlfield tag="001">000019386</controlfield><controlfield tag="002">20161230</controlfield><controlfield tag="005">20161230201033</controlfield><controlfield tag="008">060222s1000------------r-----000-0-eng-d</controlfield><datafield ind1=" " ind2=" " tag="080"><subfield code="a">621.7:669.15-194:539.374</subfield></datafield><datafield ind1=" " ind2=" " tag="245"><subfield code="a">Deformarea plastica la cald si la rece a otelurilor aliate si inalt aliate</subfield></datafield><datafield ind1=" " ind2=" " tag="260"><subfield code="a">Bucuresti, Centrul De Documentare Si Publicatii Tehnice Al Industriei Metalurgice, 1972.26 P</subfield></datafield><datafield ind1=" " ind2=" " tag="490"><subfield code="a">Cercetare Bibliografica</subfield></datafield><datafield ind1=" " ind2=" " tag="852"><subfield code="a">37073</subfield></datafield></record></collection>